
@article{inyo,
  title={Support Vector Machine を用いた日本語固有表現抽出},
  author={山田寛康 and 工藤拓 and 松本裕治 and others},
  journal={情報処理学会論文誌},
  volume={43},
  number={1},
  pages={44--53},
  year={2002}
}

@misc{gaiyo,
title = {{Morgan database}},
url = {http://www.lxcat.laplace.univ-tlse.fr},
note = {Retrieved February 20, 2020, http://www.lxcat.laplace.univ-tlse.fr}
}

@misc{intro,
title = {{Morgan database}},
url = {http://www.lxcat.laplace.univ-tlse.fr},
note = {Retrieved February 20, 2020, http://www.lxcat.laplace.univ-tlse.fr}
}